@book{adams2009hitchhiker,
  title={The Hitchhiker's Guide to the Galaxy: 42nd Anniversary Edition},
  author={Adams, D. and Davies, R.T.},
  isbn={9780330513081},
  series={The Hitchhiker's Guide to the Galaxy},
  url={https://books.google.es/books?id=DmUr6q1EDYMC},
  year={2009},
  publisher={Pan Macmillan}
}